<record><leader>00000cas a22000007a 4500</leader><controlfield tag="001">17489621</controlfield><controlfield tag="008">880217d19701973mduwr ne      0    0eng d</controlfield><datafield ind1=" " ind2=" " tag="010"><subfield code="a">sn 88053019 </subfield></datafield><datafield ind1=" " ind2=" " tag="040"><subfield code="a">DEX</subfield><subfield code="b">eng</subfield><subfield code="c">DEX</subfield><subfield code="d">MFN</subfield><subfield code="d">OCLCQ</subfield></datafield><datafield ind1=" " ind2=" " tag="042"><subfield code="a">msc</subfield></datafield><datafield ind1=" " ind2="4" tag="050"><subfield code="a">AN41</subfield><subfield code="b">.E2</subfield></datafield><datafield ind1="0" ind2="0" tag="245"><subfield code="a">Eastern shore times and Maryland beacon.</subfield></datafield><datafield ind1="3" ind2="0" tag="246"><subfield code="a">Eastern shore times Maryland beacon</subfield></datafield><datafield ind1=" " ind2=" " tag="260"><subfield code="a">Berlin-Ocean City, Md. :</subfield><subfield code="b">Coastal Communications, Inc.</subfield></datafield><datafield ind1=" " ind2=" " tag="300"><subfield code="a">v.</subfield></datafield><datafield ind1=" " ind2=" " tag="310"><subfield code="a">Weekly</subfield></datafield><datafield ind1="0" ind2=" " tag="362"><subfield code="a">Vol. 46, no. 31 (Jan. 29, 1970)-v. 51, no. 54 (Aug. 2, 1973).</subfield></datafield><datafield ind1=" " ind2=" " tag="500"><subfield code="a">Published as: Eastern shore times Maryland beacon, Feb. 12-July 23, 1970.</subfield></datafield><datafield ind1=" " ind2=" " tag="752"><subfield code="a">United States</subfield><subfield code="b">Maryland</subfield><subfield code="c">Worcester</subfield><subfield code="d">Berlin.</subfield></datafield><datafield ind1=" " ind2=" " tag="752"><subfield code="a">United States</subfield><subfield code="b">Maryland</subfield><subfield code="c">Worcester</subfield><subfield code="d">Ocean City.</subfield></datafield><datafield ind1="0" ind2="4" tag="780"><subfield code="t">Maryland beacon</subfield></datafield><datafield ind1="0" ind2="4" tag="780"><subfield code="t">Eastern shore times (Berlin, Md.)</subfield><subfield code="w">(DLC)sn 89060123</subfield></datafield><datafield ind1="0" ind2="0" tag="785"><subfield code="t">Eastern shore times (Ocean City, Md.)</subfield><subfield code="w">(DLC)sn 88053020</subfield></datafield></record>